<record><leader>00000cas a22000007i 4500</leader><controlfield tag="001">862979202</controlfield><controlfield tag="006">m     o  d        </controlfield><controlfield tag="007">cr |n|000|||||</controlfield><controlfield tag="008">880518d185u1895lauwr neo     0   a0eng  </controlfield><datafield ind1=" " ind2=" " tag="010"><subfield code="a">  2013272167</subfield></datafield><datafield ind1=" " ind2=" " tag="040"><subfield code="a">Nz</subfield><subfield code="b">eng</subfield><subfield code="e">rda</subfield><subfield code="c">Z5A</subfield><subfield code="d">DLC</subfield><subfield code="d">OCLCF</subfield><subfield code="d">DLC</subfield></datafield><datafield ind1="0" ind2=" " tag="022"><subfield code="a">2332-5453</subfield><subfield code="2">1</subfield></datafield><datafield ind1="0" ind2=" " tag="029"><subfield code="a">NZ1</subfield><subfield code="b">15127586</subfield></datafield><datafield ind1="1" ind2=" " tag="029"><subfield code="a">NZ1</subfield><subfield code="b">16035457</subfield></datafield><datafield ind1="0" ind2=" " tag="041"><subfield code="a">eng</subfield><subfield code="a">fre</subfield></datafield><datafield ind1=" " ind2=" " tag="042"><subfield code="a">msc</subfield><subfield code="a">nsdp</subfield></datafield><datafield ind1=" " ind2=" " tag="043"><subfield code="a">n-us-la</subfield></datafield><datafield ind1="1" ind2="0" tag="050"><subfield code="a">ISSN RECORD</subfield></datafield><datafield ind1="0" ind2="0" tag="082"><subfield code="a">071</subfield><subfield code="2">23</subfield></datafield><datafield ind1="0" ind2=" " tag="130"><subfield code="a">Pioneer of Assumption (Online)</subfield></datafield><datafield ind1=" " ind2="0" tag="222"><subfield code="a">Pioneer of Assumption</subfield><subfield code="b">(Online)</subfield></datafield><datafield ind1="1" ind2="0" tag="245"><subfield code="a">Pioneer of Assumption.</subfield></datafield><datafield ind1="3" ind2="0" tag="246"><subfield code="a">Pionnier de l'Assomption</subfield></datafield><datafield ind1="3" ind2="0" tag="246"><subfield code="a">Pionnier</subfield></datafield><datafield ind1=" " ind2="1" tag="264"><subfield code="a">Napoleonville La. :</subfield><subfield code="b">Charles Dupaty</subfield></datafield><datafield ind1=" " ind2=" " tag="300"><subfield code="a">1 online resource</subfield></datafield><datafield ind1=" " ind2=" " tag="310"><subfield code="a">Weekly</subfield></datafield><datafield ind1=" " ind2=" " tag="336"><subfield code="a">text</subfield><subfield code="b">txt</subfield><subfield code="2">rdacontent</subfield></datafield><datafield ind1=" " ind2=" " tag="337"><subfield code="a">computer</subfield><subfield code="b">c</subfield><subfield code="2">rdamedia</subfield></datafield><datafield ind1=" " ind2=" " tag="338"><subfield code="a">online resource</subfield><subfield code="b">cr</subfield><subfield code="2">rdacarrier</subfield></datafield><datafield ind1="1" ind2=" " tag="362"><subfield code="a">Ceased March 16, 1895.</subfield></datafield><datafield ind1=" " ind2=" " tag="500"><subfield code="a">Published with an additional masthead in French: Le pionnier &lt;June 1, 1856&gt;; Pionnier de l'Assomption &lt;Apr. 6, 1858&gt;-1895.</subfield></datafield><datafield ind1=" " ind2=" " tag="546"><subfield code="a">In English and French.</subfield></datafield><datafield ind1=" " ind2=" " tag="588"><subfield code="a">Description based on: Vol. XX, no. 1 (June 16, 1877); title from masthead (Chroniclingamerica.loc.gov, viewed December 4, 2013).</subfield></datafield><datafield ind1=" " ind2=" " tag="588"><subfield code="a">Latest issue consulted: Vol. XXII, no. 28 (December 27, 1879) (Chroniclingamerica.loc.gov, viewed December 4, 2013).</subfield></datafield><datafield ind1=" " ind2="0" tag="651"><subfield code="a">Napoleonville (La.)</subfield><subfield code="v">Newspapers.</subfield></datafield><datafield ind1=" " ind2="7" tag="651"><subfield code="a">Louisiana</subfield><subfield code="z">Napoleonville.</subfield><subfield code="2">fast</subfield><subfield code="0">(OCoLC)fst01230385</subfield></datafield><datafield ind1=" " ind2="7" tag="655"><subfield code="a">Newspapers.</subfield><subfield code="2">fast</subfield><subfield code="0">(OCoLC)fst01423814</subfield></datafield><datafield ind1=" " ind2=" " tag="752"><subfield code="a">United States</subfield><subfield code="b">Louisiana</subfield><subfield code="c">Assumption</subfield><subfield code="d">Napoleonville.</subfield></datafield><datafield ind1="0" ind2="8" tag="776"><subfield code="i">Originally issued in print:</subfield><subfield code="t">Pioneer of Assumption</subfield><subfield code="x">2332-5445</subfield><subfield code="w">(DLC)sn 88064275</subfield><subfield code="w">(OCoLC)17970154</subfield></datafield><datafield ind1="0" ind2="0" tag="780"><subfield code="t">Pionnier de l'Assomption (Online)</subfield><subfield code="x">2377-8423</subfield><subfield code="w">(DLC)  2015218585</subfield><subfield code="w">(OCoLC)904726631</subfield></datafield><datafield ind1="0" ind2="0" tag="785"><subfield code="t">Assumption pioneer (Online)</subfield></datafield><datafield ind1="4" ind2="0" tag="856"><subfield code="u">http://www.loc.gov/chroniclingamerica/lccn/sn88064275/issues</subfield></datafield></record>